@incollection{pytorch,
title = {PyTorch: An Imperative Style, High-Performance Deep Learning Library},
author = {Paszke, Adam and Gross, Sam and Massa, Francisco and Lerer, Adam and Bradbury, James and Chanan, Gregory and Killeen, Trevor and Lin, Zeming and Gimelshein, Natalia and Antiga, Luca and Desmaison, Alban and Kopf, Andreas and Yang, Edward and DeVito, Zachary and Raison, Martin and Tejani, Alykhan and Chilamkurthy, Sasank and Steiner, Benoit and Fang, Lu and Bai, Junjie and Chintala, Soumith},
year = {2019},
url = {http://papers.neurips.cc/paper/9015-pytorch-an-imperative-style-high-performance-deep-learning-library.pdf},
booktitle = {Advances in Neural Information Processing Systems 32},
publisher = {Curran Associates, Inc.}
}

@article{unet,
  title     = {U-Net: Convolutional Networks for Biomedical Image Segmentation},
  author    = {Olaf Ronneberger and
               Philipp Fischer and
               Thomas Brox},
  year      = {2015},
  url       = {http://arxiv.org/abs/1505.04597},
  journal   = {CoRR}
}

@article{adam,
  title={Adam: A method for stochastic optimization},
  author={Kingma, Diederik and Ba, Jimmy},
  year={2014},
  url = {https://arxiv.org/abs/1412.6980},
  journal = {arXiv}
}

% IoU
% morphological